@article{owen_safe_2000,
	title = {Safe and {Effective} {Importance} {Sampling}},
	journal = {Journal of the American Statistical Association},
	author = {Owen, Art and Zhou, Yi},
	month = mar,
	year = {2000},
	pages = {135--143},
}

@inproceedings{veach_optimally_1995,
	title = {Optimally combining sampling techniques for {Monte} {Carlo} rendering},
	publisher = {ACM Press},
	author = {Veach, Eric and Guibas, Leonidas J.},
	booktitle = {Proceedings of the 22nd annual conference on Computer graphics and interactive techniques  - SIGGRAPH '95},
	year = {1995},
	pages = {419--428},
}

@book{mcbook_2013,
   author = {Art B. Owen},
   year = 2013,
   title = {Monte Carlo theory, methods and examples},
   pages = {27--33},
}

@article{bubeck2013bandits,
  title={Bandits with heavy tail},
  author={Bubeck, S{\'e}bastien and Cesa-Bianchi, Nicolo and Lugosi, G{\'a}bor},
  journal={IEEE Transactions on Information Theory},
  volume={59},
  number={11},
  pages={7711--7717},
  year={2013},
  publisher={IEEE}
}

@article{vakili2011deterministic,
	title={Deterministic sequencing of exploration and exploitation for multi-armed bandit problems},
	author={Vakili, Sattar and Liu, Keqin and Zhao, Qing},
	journal={arXiv preprint arXiv:1106.6104},
	year={2011}
}

@inproceedings{yupure,
	title={Pure exploration of multi-armed bandits with heavy-tailed payoffs},
	author={Yu, Xiaotian and Shao, Han and Lyu, Michael R and King, Irwin}
}



@InProceedings{pmlr-v48-medina16,
	title = 	 {No-Regret Algorithms for Heavy-Tailed Linear Bandits},
	author = 	 {Andres Munoz Medina and Scott Yang},
	booktitle = 	 {Proceedings of The 33rd International Conference on Machine Learning},
	pages = 	 {1642--1650},
	year = 	 {2016},
	editor = 	 {Maria Florina Balcan and Kilian Q. Weinberger},
	volume = 	 {48},
	series = 	 {Proceedings of Machine Learning Research},
	address = 	 {New York, New York, USA},
	month = 	 {20--22 Jun},
	publisher = 	 {PMLR},
}

@book{puterman2014markov,
	title={Markov decision processes: discrete stochastic dynamic programming},
	author={Puterman, Martin L},
	year={2014},
	publisher={John Wiley \& Sons}
}

@article{peters2008reinforcement,
	title={Reinforcement learning of motor skills with policy gradients},
	author={Peters, Jan and Schaal, Stefan},
	journal={Neural networks},
	volume={21},
	number={4},
	pages={682--697},
	year={2008},
	publisher={Elsevier}
}

@article{deisenroth2013survey,
	title={A survey on policy search for robotics},
	author={Deisenroth, Marc Peter and Neumann, Gerhard and Peters, Jan and others},
	journal={Foundations and Trends{\textregistered} in Robotics},
	volume={2},
	number={1--2},
	pages={1--142},
	year={2013},
	publisher={Now Publishers, Inc.}
}

@inproceedings{sehnke2008policy,
	title={Policy gradients with parameter-based exploration for control},
	author={Sehnke, Frank and Osendorfer, Christian and R{\"u}ckstie{\ss}, Thomas and Graves, Alex and Peters, Jan and Schmidhuber, J{\"u}rgen},
	booktitle={International Conference on Artificial Neural Networks},
	pages={387--396},
	year={2008},
	organization={Springer}
}

@inproceedings{silver2014deterministic,
	title={Deterministic policy gradient algorithms},
	author={Silver, David and Lever, Guy and Heess, Nicolas and Degris, Thomas and Wierstra, Daan and Riedmiller, Martin},
	booktitle={ICML},
	year={2014}
}

@book{cochran2007sampling,
	title={Sampling techniques},
	author={Cochran, William G},
	year={2007},
	publisher={John Wiley \& Sons}
}

@book{mcbook,
	author = {Art B. Owen},
	year = 2013,
	title = {Monte Carlo theory, methods and examples}
}

@incollection{cortes2010learning,
	title = {Learning Bounds for Importance Weighting},
	author = {Cortes, Corinna and Mansour, Yishay and Mohri, Mehryar},
	booktitle = {Advances in Neural Information Processing Systems 23},
	editor = {J. D. Lafferty and C. K. I. Williams and J. Shawe-Taylor and R. S. Zemel and A. Culotta},
	pages = {442--450},
	year = {2010},
	publisher = {Curran Associates, Inc.}
}

@inproceedings{metelli2018policy,
	title={Policy Optimization via Importance Sampling},
	author={Metelli, Alberto Maria and Papini, Matteo and Faccio, Francesco and Restelli, Marcello},
	booktitle={Advances in Neural Information Processing Systems},
	pages={5447--5459},
	year={2018}
}

@article{ionides2008truncated,
  title={Truncated importance sampling},
  author={Ionides, Edward L},
  journal={Journal of Computational and Graphical Statistics},
  volume={17},
  number={2},
  pages={295--311},
  year={2008},
  publisher={Taylor \& Francis}
}

@article{lai1985asymptotically,
	title={Asymptotically efficient adaptive allocation rules},
	author={Lai, Tze Leung and Robbins, Herbert},
	journal={Advances in applied mathematics},
	volume={6},
	number={1},
	pages={4--22},
	year={1985},
	publisher={Academic Press}
}

@article{agrawal1995sample,
	title={Sample mean based index policies by o (log n) regret for the multi-armed bandit problem},
	author={Agrawal, Rajeev},
	journal={Advances in Applied Probability},
	volume={27},
	number={4},
	pages={1054--1078},
	year={1995},
	publisher={Cambridge University Press}
}

@article{auer2002finite,
	title={Finite-time analysis of the multiarmed bandit problem},
	author={Auer, Peter and Cesa-Bianchi, Nicolo and Fischer, Paul},
	journal={Machine learning},
	volume={47},
	number={2-3},
	pages={235--256},
	year={2002},
	publisher={Springer}
}

@incollection{robbins1985some,
	title={Some aspects of the sequential design of experiments},
	author={Robbins, Herbert},
	booktitle={Herbert Robbins Selected Papers},
	pages={169--177},
	year={1985},
	publisher={Springer}
}

@article{bubeck2012regret,
	title={Regret analysis of stochastic and nonstochastic multi-armed bandit problems},
	author={Bubeck, S{\'e}bastien and Cesa-Bianchi, Nicolo and others},
	journal={Foundations and Trends{\textregistered} in Machine Learning},
	volume={5},
	number={1},
	pages={1--122},
	year={2012},
	publisher={Now Publishers, Inc.}
}

@book{lattimore2019bandit,
	title = {Bandit Algorithms},
	author = {Lattimore, Tor and Szepesv\'{a}ri, Csaba},
	year = {2019},
	publisher = {Cambridge University Press (preprint)},
}

@book{boucheron2013concentration,
  title={Concentration inequalities: A nonasymptotic theory of independence},
  author={Boucheron, St{\'e}phane and Lugosi, G{\'a}bor and Massart, Pascal},
  year={2013},
  publisher={Oxford university press}
}

@inproceedings{sutton2000policy,
	title={Policy gradient methods for reinforcement learning with function approximation},
	author={Sutton, Richard S and McAllester, David A and Singh, Satinder P and Mansour, Yishay},
	booktitle={Advances in neural information processing systems},
	pages={1057--1063},
	year={2000}
}

@article{kleinberg2013bandits,
	title={Bandits and experts in metric spaces},
	author={Kleinberg, Robert and Slivkins, Aleksandrs and Upfal, Eli},
	journal={arXiv preprint arXiv:1312.1277},
	year={2013}
}

@inproceedings{pandey2007multi,
	title={Multi-armed bandit problems with dependent arms},
	author={Pandey, Sandeep and Chakrabarti, Deepayan and Agarwal, Deepak},
	booktitle={Proceedings of the 24th international conference on Machine learning},
	pages={721--728},
	year={2007},
	organization={ACM}
}

@inproceedings{wang2018regional,
	title={Regional Multi-Armed Bandits},
	author={Wang, Zhiyang and Zhou, Ruida and Shen, Cong},
	booktitle={International Conference on Artificial Intelligence and Statistics},
	pages={510--518},
	year={2018}
}

@article{mersereau2009structured,
	title={A structured multiarmed bandit problem and the greedy policy},
	author={Mersereau, Adam J and Rusmevichientong, Paat and Tsitsiklis, John N},
	journal={IEEE Transactions on Automatic Control},
	volume={54},
	number={12},
	pages={2787--2802},
	year={2009},
	publisher={IEEE}
}

@inproceedings{atan2015global,
	title={Global multi-armed bandits with H{\"o}lder continuity},
	author={Atan, Onur and Tekin, Cem and Schaar, Mihaela},
	booktitle={Artificial Intelligence and Statistics},
	pages={28--36},
	year={2015}
}

@inproceedings{kallus2018instrument,
	title={Instrument-Armed Bandits},
	author={Kallus, Nathan},
	booktitle={Algorithmic Learning Theory},
	pages={529--546},
	year={2018}
}

@article{cesa2012combinatorial,
	title={Combinatorial bandits},
	author={Cesa-Bianchi, Nicolo and Lugosi, G{\'a}bor},
	journal={Journal of Computer and System Sciences},
	volume={78},
	number={5},
	pages={1404--1422},
	year={2012},
	publisher={Elsevier}
}

@inproceedings{saritacc2017combinatorial,
	title={Combinatorial multi-armed bandit problem with probabilistically triggered arms: A case with bounded regret},
	author={Sarita{\c{c}}, A {\"O}mer and Tekin, Cem},
	booktitle={Signal and Information Processing (GlobalSIP), 2017 IEEE Global Conference on},
	pages={111--115},
	year={2017},
	organization={IEEE}
}

@article{chen2016combinatorial,
	title={Combinatorial multi-armed bandit and its extension to probabilistically triggered arms},
	author={Chen, Wei and Wang, Yajun and Yuan, Yang and Wang, Qinshi},
	journal={The Journal of Machine Learning Research},
	volume={17},
	number={1},
	pages={1746--1778},
	year={2016},
	publisher={JMLR. org}
}

@article{auer2002using,
	title={Using confidence bounds for exploitation-exploration trade-offs},
	author={Auer, Peter},
	journal={Journal of Machine Learning Research},
	volume={3},
	number={Nov},
	pages={397--422},
	year={2002}
}

@inproceedings{abbasi2011improved,
	title={Improved algorithms for linear stochastic bandits},
	author={Abbasi-Yadkori, Yasin and P{\'a}l, D{\'a}vid and Szepesv{\'a}ri, Csaba},
	booktitle={Advances in Neural Information Processing Systems},
	pages={2312--2320},
	year={2011}
}

@inproceedings{kleinberg2005nearly,
	title={Nearly tight bounds for the continuum-armed bandit problem},
	author={Kleinberg, Robert D},
	booktitle={Advances in Neural Information Processing Systems},
	pages={697--704},
	year={2005}
}

@inproceedings{auer2007improved,
	title={Improved rates for the stochastic continuum-armed bandit problem},
	author={Auer, Peter and Ortner, Ronald and Szepesv{\'a}ri, Csaba},
	booktitle={International Conference on Computational Learning Theory},
	pages={454--468},
	year={2007},
	organization={Springer}
}

@inproceedings{bubeck2009online,
	title={Online optimization in X-armed bandits},
	author={Bubeck, S{\'e}bastien and Stoltz, Gilles and Szepesv{\'a}ri, Csaba and Munos, R{\'e}mi},
	booktitle={Advances in Neural Information Processing Systems},
	pages={201--208},
	year={2009}
}

@inproceedings{kleinberg2008multi,
	title={Multi-armed bandits in metric spaces},
	author={Kleinberg, Robert and Slivkins, Aleksandrs and Upfal, Eli},
	booktitle={Proceedings of the fortieth annual ACM symposium on Theory of computing},
	pages={681--690},
	year={2008},
	organization={ACM}
}

@InProceedings{srinivas2010gaussian,
	author =    {Niranjan Srinivas and Andreas Krause and Sham Kakade and Matthias Seeger},
	title =     {Gaussian Process Optimization in the Bandit Setting: No Regret and Experimental Design},
	booktitle = {Proceedings of the 27th International Conference on Machine Learning (ICML-10)},
	pages =     {1015--1022},
	year =      2010,
	editor =    {Johannes F{\"u}rnkranz and Thorsten Joachims},
	address =   {Haifa, Israel},
	month =     {June},
	publisher = {Omnipress}
}

@article{jaksch2010near,
	title={Near-optimal regret bounds for reinforcement learning},
	author={Jaksch, Thomas and Ortner, Ronald and Auer, Peter},
	journal={Journal of Machine Learning Research},
	volume={11},
	number={Apr},
	pages={1563--1600},
	year={2010}
}

@article{brafman2002r,
	title={R-max-a general polynomial time algorithm for near-optimal reinforcement learning},
	author={Brafman, Ronen I and Tennenholtz, Moshe},
	journal={Journal of Machine Learning Research},
	volume={3},
	number={Oct},
	pages={213--231},
	year={2002}
}

@article{kearns2002near,
	title={Near-optimal reinforcement learning in polynomial time},
	author={Kearns, Michael and Singh, Satinder},
	journal={Machine learning},
	volume={49},
	number={2-3},
	pages={209--232},
	year={2002},
	publisher={Springer}
}

@inproceedings{dann2017unifying,
	title={Unifying PAC and regret: Uniform PAC bounds for episodic reinforcement learning},
	author={Dann, Christoph and Lattimore, Tor and Brunskill, Emma},
	booktitle={Advances in Neural Information Processing Systems},
	pages={5713--5723},
	year={2017}
}


@inproceedings{jin2018q,
	title={Is q-learning provably efficient?},
	author={Jin, Chi and Allen-Zhu, Zeyuan and Bubeck, Sebastien and Jordan, Michael I},
	booktitle={Advances in Neural Information Processing Systems},
	pages={4868--4878},
	year={2018}
}

@inproceedings{osband2016generalization,
	title={Generalization and Exploration via Randomized Value Functions},
	author={Osband, Ian and Van Roy, Benjamin and Wen, Zheng},
	booktitle={International Conference on Machine Learning},
	pages={2377--2386},
	year={2016}
}

@inproceedings{houthooft2016vime,
	title={Vime: Variational information maximizing exploration},
	author={Houthooft, Rein and Chen, Xi and Duan, Yan and Schulman, John and De Turck, Filip and Abbeel, Pieter},
	booktitle={Advances in Neural Information Processing Systems},
	pages={1109--1117},
	year={2016}
}

@inproceedings{haarnoja2018soft,
	author    = {Tuomas Haarnoja and
	Aurick Zhou and
	Pieter Abbeel and
	Sergey Levine},
	title     = {Soft Actor-Critic: Off-Policy Maximum Entropy Deep Reinforcement Learning
	with a Stochastic Actor},
	booktitle = {Proceedings of the 35th International Conference on Machine Learning,
	{ICML} 2018, Stockholmsm{\"{a}}ssan, Stockholm, Sweden, July
	10-15, 2018},
	pages     = {1856--1865},
	year      = {2018},
}	

@inproceedings{bubeck2010open,
	author    = {S{\'{e}}bastien Bubeck and
	R{\'{e}}mi Munos},
	title     = {Open Loop Optimistic Planning},
	booktitle = {{COLT} 2010 - The 23rd Conference on Learning Theory, Haifa, Israel,
	June 27-29, 2010},
	pages     = {477--489},
	year      = {2010},
}

@inproceedings{weinstein2012bandit,
	author    = {Ari Weinstein and
	Michael L. Littman},
	title     = {Bandit-Based Planning and Learning in Continuous-Action Markov Decision
	Processes},
	booktitle = {Proceedings of the Twenty-Second International Conference on Automated
	Planning and Scheduling, {ICAPS} 2012, Atibaia, S{\~{a}}o Paulo, Brazil,
	June 25-19, 2012},
	year      = {2012},
}

@inproceedings{haarnoja2017reinforcement,
	author    = {Tuomas Haarnoja and
	Haoran Tang and
	Pieter Abbeel and
	Sergey Levine},
	title     = {Reinforcement Learning with Deep Energy-Based Policies},
	booktitle = {Proceedings of the 34th International Conference on Machine Learning,
	{ICML} 2017, Sydney, NSW, Australia, 6-11 August 2017},
	pages     = {1352--1361},
	year      = {2017},
}

@inproceedings{bellemare2016unifying,
	title={Unifying count-based exploration and intrinsic motivation},
	author={Bellemare, Marc and Srinivasan, Sriram and Ostrovski, Georg and Schaul, Tom and Saxton, David and Munos, Remi},
	booktitle={Advances in Neural Information Processing Systems},
	pages={1471--1479},
	year={2016}
}



@inproceedings{jungseul2018exploration,
	author    = {Jungseul Ok and
	Alexandre Prouti{\`{e}}re and
	Damianos Tranos},
	title     = {Exploration in Structured Reinforcement Learning},
	booktitle = {Advances in Neural Information Processing Systems 31: Annual Conference
	on Neural Information Processing Systems 2018, NeurIPS 2018, 3-8 December
	2018, Montr{\'{e}}al, Canada.},
	pages     = {8888--8896},
	year      = {2018},
}



@article{sayak2018online,
	author    = {Sayak Ray Chowdhury and
	Aditya Gopalan},
	title     = {Online Learning in Kernelized Markov Decision Processes},
	journal   = {CoRR},
	volume    = {abs/1805.08052},
	year      = {2018},
	archivePrefix = {arXiv},
	eprint    = {1805.08052},
}

@article{strehl2009reinforcement,
	title={Reinforcement learning in finite MDPs: PAC analysis},
	author={Strehl, Alexander L and Li, Lihong and Littman, Michael L},
	journal={Journal of Machine Learning Research},
	volume={10},
	number={Nov},
	pages={2413--2444},
	year={2009}
}

@inproceedings{dann2015sample,
	title={Sample complexity of episodic fixed-horizon reinforcement learning},
	author={Dann, Christoph and Brunskill, Emma},
	booktitle={Advances in Neural Information Processing Systems},
	pages={2818--2826},
	year={2015}
}

@article{lattimore2014near,
	title={Near-optimal PAC bounds for discounted MDPs},
	author={Lattimore, Tor and Hutter, Marcus},
	journal={Theoretical Computer Science},
	volume={558},
	pages={125--143},
	year={2014},
	publisher={Elsevier}
}

@inproceedings{ortner2012online,
	title={Online regret bounds for undiscounted continuous reinforcement learning},
	author={Ortner, Ronald and Ryabko, Daniil},
	booktitle={Proceedings of the 25th International Conference on Neural Information Processing Systems-Volume 2},
	pages={1763--1771},
	year={2012},
	organization={Curran Associates Inc.}
}

@inproceedings{lakshmanan2015improved,
	author    = {K. Lakshmanan and
	Ronald Ortner and
	Daniil Ryabko},
	title     = {Improved Regret Bounds for Undiscounted Continuous Reinforcement Learning},
	booktitle = {Proceedings of the 32nd International Conference on Machine Learning,
	{ICML} 2015, Lille, France, 6-11 July 2015},
	pages     = {524--532},
	year      = {2015},
}

@techreport{renyi1961measures,
  title={On measures of entropy and information},
  author={R{\'{e}}nyi, Alfr{\'{e}}d},
  year={1961},
  institution={Hungarian Academy of Sciences Budapest Hungary}
}

@inproceedings{hershey2007approximating,
  title={Approximating the Kullback Leibler divergence between Gaussian mixture models},
  author={Hershey, John R and Olsen, Peder A},
  booktitle={Acoustics, Speech and Signal Processing, 2007. ICASSP 2007. IEEE International Conference on},
  volume={4},
  pages={IV--317},
  year={2007},
  organization={IEEE}
}

% Crossreference section

@proceedings{DBLP:conf/nips/2018,
  editor    = {Samy Bengio and
               Hanna M. Wallach and
               Hugo Larochelle and
               Kristen Grauman and
               Nicol{\`{o}} Cesa{-}Bianchi and
               Roman Garnett},
  title     = {Advances in Neural Information Processing Systems 31: Annual Conference
               on Neural Information Processing Systems 2018, NeurIPS 2018, 3-8 December
               2018, Montr{\'{e}}al, Canada},
  year      = {2018},
}

@proceedings{DBLP:conf/icml/2018,
  editor    = {Jennifer G. Dy and
               Andreas Krause},
  title     = {Proceedings of the 35th International Conference on Machine Learning,
               {ICML} 2018, Stockholmsm{\"{a}}ssan, Stockholm, Sweden, July
               10-15, 2018},
  series    = {{JMLR} Workshop and Conference Proceedings},
  volume    = {80},
  publisher = {JMLR.org},
  year      = {2018},
}

@proceedings{DBLP:conf/icml/2017,
  editor    = {Doina Precup and
               Yee Whye Teh},
  title     = {Proceedings of the 34th International Conference on Machine Learning,
               {ICML} 2017, Sydney, NSW, Australia, 6-11 August 2017},
  series    = {Proceedings of Machine Learning Research},
  volume    = {70},
  publisher = {{PMLR}},
  year      = {2017},
}

@proceedings{DBLP:conf/icml/2015,
  editor    = {Francis R. Bach and
               David M. Blei},
  title     = {Proceedings of the 32nd International Conference on Machine Learning,
               {ICML} 2015, Lille, France, 6-11 July 2015},
  series    = {{JMLR} Workshop and Conference Proceedings},
  volume    = {37},
  publisher = {JMLR.org},
  year      = {2015},
}

@proceedings{DBLP:conf/colt/2010,
  editor    = {Adam Tauman Kalai and
               Mehryar Mohri},
  title     = {{COLT} 2010 - The 23rd Conference on Learning Theory, Haifa, Israel,
               June 27-29, 2010},
  publisher = {Omnipress},
  year      = {2010},
  isbn      = {978-0-9822529-2-5},
}

@proceedings{DBLP:conf/aips/2012,
  editor    = {Lee McCluskey and
               Brian Charles Williams and
               Jos{\'{e}} Reinaldo Silva and
               Blai Bonet},
  title     = {Proceedings of the Twenty-Second International Conference on Automated
               Planning and Scheduling, {ICAPS} 2012, Atibaia, S{\~{a}}o Paulo, Brazil,
               June 25-19, 2012},
  publisher = {{AAAI}},
  year      = {2012},
  isbn      = {978-1-57735-562-5},
}

@book{sutton2018reinforcement,
	title={Reinforcement learning: An introduction},
	author={Sutton, Richard S and Barto, Andrew G},
	year={2018},
	publisher={MIT press}
}

@article{lattimore2018bandit,
	title={Bandit algorithms},
	author={Lattimore, Tor and Szepesv{\'a}ri, Csaba}
}

@inproceedings{schulman2015trust,
	title={Trust region policy optimization},
	author={Schulman, John and Levine, Sergey and Abbeel, Pieter and Jordan, Michael and Moritz, Philipp},
	booktitle={International Conference on Machine Learning},
	pages={1889--1897},
	year={2015}
}


@inproceedings{mnih2016asynchronous,
	author    = {Volodymyr Mnih and
	Adri{\`{a}} Puigdom{\`{e}}nech Badia and
	Mehdi Mirza and
	Alex Graves and
	Timothy P. Lillicrap and
	Tim Harley and
	David Silver and
	Koray Kavukcuoglu},
	title     = {Asynchronous Methods for Deep Reinforcement Learning},
	booktitle = {Proceedings of the 33nd International Conference on Machine Learning,
	{ICML} 2016, New York City, NY, USA, June 19-24, 2016},
	pages     = {1928--1937},
	year      = {2016},
}

@inproceedings{espeholt2018impala,
	author    = {Lasse Espeholt and
	Hubert Soyer and
	R{\'{e}}mi Munos and
	Karen Simonyan and
	Volodymyr Mnih and
	Tom Ward and
	Yotam Doron and
	Vlad Firoiu and
	Tim Harley and
	Iain Dunning and
	Shane Legg and
	Koray Kavukcuoglu},
	title     = {{IMPALA:} Scalable Distributed Deep-RL with Importance Weighted Actor-Learner
	Architectures},
	booktitle = {Proceedings of the 35th International Conference on Machine Learning,
	{ICML} 2018, Stockholmsm{\"{a}}ssan, Stockholm, Sweden, July
	10-15, 2018},
	pages     = {1406--1415},
	year      = {2018},
}

@article{thompson1933likelihood,
	title={On the likelihood that one unknown probability exceeds another in view of the evidence of two samples},
	author={Thompson, William R},
	journal={Biometrika},
	volume={25},
	number={3/4},
	pages={285--294},
	year={1933},
	publisher={JSTOR}
}

@inproceedings{chapelle2011empirical,
	title={An empirical evaluation of thompson sampling},
	author={Chapelle, Olivier and Li, Lihong},
	booktitle={Advances in neural information processing systems},
	pages={2249--2257},
	year={2011}
}

@inproceedings{kaufmann2012thompson,
	title={Thompson sampling: An asymptotically optimal finite-time analysis},
	author={Kaufmann, Emilie and Korda, Nathaniel and Munos, R{\'e}mi},
	booktitle={International Conference on Algorithmic Learning Theory},
	pages={199--213},
	year={2012},
	organization={Springer}
}

@inproceedings{osband2013more,
	author    = {Ian Osband and
	Daniel Russo and
	Benjamin Van Roy},
	title     = {(More) Efficient Reinforcement Learning via Posterior Sampling},
	booktitle = {Advances in Neural Information Processing Systems 26: 27th Annual
	Conference on Neural Information Processing Systems 2013. Proceedings
	of a meeting held December 5-8, 2013, Lake Tahoe, Nevada, United States.},
	pages     = {3003--3011},
	year      = {2013},
}

@book{dorato1995linear,
  title={Linear-quadratic control: an introduction},
  author={Dorato, Peter and Abdallah, Chaouki T and Cerone, Vito and Jacobson, David H},
  year={1995},
  publisher={Prentice Hall Englewood Cliffs, NJ}
}

@article{gil2013renyi,
  title={R{\'e}nyi divergence measures for commonly used univariate continuous distributions},
  author={Gil, Manuel and Alajaji, Fady and Linder, Tamas},
  journal={Information Sciences},
  volume={249},
  pages={124--131},
  year={2013},
  publisher={Elsevier}
}

@misc{brockman2016openai,
	Author = {Greg Brockman and Vicki Cheung and Ludwig Pettersson and Jonas Schneider and John Schulman and Jie Tang and Wojciech Zaremba},
	Title = {OpenAI Gym},
	Year = {2016},
	Eprint = {arXiv:1606.01540},
}
